@misc{ wiki:ray_tracing,
   author = "Wikipedia",
   title = "Ray tracing (graphics) --- {W}ikipedia{,} {T}he {F}ree {E}ncyclopedia",
   year = "2011",
   url = "\url{http://en.wikipedia.org/w/index.php?title=Ray_tracing_(graphics)&oldid=440393992}",
   note = "[Online; accessado em 4--8--2011]"
 }

@misc{ raycore,
  author =    {Siliconarts{,} {I}nc.},
  title =     {Siliconarts launches {R}ay{C}ore® {IP} {C}ore},
  month =     "Julho",
  year =      2011,
  url  = "\url{http://www.siliconarts.co.kr/recent-announcements/siliconartslaunchesraycoreipcore}",
  note =      "[Online; acessado em 4--8--2011]",
}

@PhdThesis{ hanika,
  author =       {Johannes Hanika},
  title =        {Fixed Point Hardware Ray Tracing},
  school =       {Universität Ulm},
  year =         {2007},
}

@article{ purcell,
 author = {Purcell, Timothy J. and Buck, Ian and Mark, William R. and Hanrahan, Pat},
 title = {Ray tracing on programmable graphics hardware},
 journal = {ACM Trans. Graph.},
 volume = {21},
 issue = {3},
 month = {July},
 year = {2002},
 issn = {0730-0301},
 pages = {703--712},
 numpages = {10},
 url = {http://doi.acm.org/10.1145/566654.566640},
 doi = {http://doi.acm.org/10.1145/566654.566640},
 acmid = {566640},
 publisher = {ACM},
 address = {New York, NY, USA},
 keywords = {programmable graphics hardware, ray tracing},
}

@PhdThesis{ havran,
  author =       {Vlastimil Havran},
  title =        {Heuristic Ray Shooting Algorithms},
  school =       {Czech Technical University},
  year =         {2000},
}

@inproceedings{Shilane:2004:TPS,
  author = "Philip Shilane and Patrick Min and Michael Kazhdan and Thomas
    Funkhouser",
  title = "The Princeton Shape Benchmark",
  booktitle = "Shape Modeling International",
  year = "2004",
  month = jun
}
