@article{Moller:1997:FMS,
  author =       "Tomas M{\"{o}}ller and Ben Trumbore",
  title =        "Fast, Minimum Storage Ray-Triangle Intersection",
  journal =      "Journal of graphics tools",
  volume =       "2",
  number =       "1",
  year =         "1997",
  pages =        "21--28",
}

@article{Whitted:1980:CACM,
    author  =   "Turner Whitted",
    title   =   "An Improved Illumination Model for Shaded Display",
    journal =   "Communications of the ACM",
    volume = "23",
    number = "6",
    year    =   1980,
    pages = "343--349",
}

@article{ purcell,
 author = {Purcell, Timothy J. and Buck, Ian and Mark, William R. and Hanrahan, Pat},
 title = {Ray tracing on programmable graphics hardware},
 journal = {ACM Trans. Graph.},
 volume = {21},
 issue = {3},
 month = {July},
 year = {2002},
 issn = {0730-0301},
 pages = {703--712},
 numpages = {10},
 url = {http://doi.acm.org/10.1145/566654.566640},
 doi = {http://doi.acm.org/10.1145/566654.566640},
 acmid = {566640},
 publisher = {ACM},
 address = {New York, NY, USA},
 keywords = {programmable graphics hardware, ray tracing},
}

@article{Woop:2005:RPR,
 author = {Woop, Sven and Schmittler, J\"{o}rg and Slusallek, Philipp},
 title = {{RPU}: a programmable ray processing unit for realtime ray tracing},
 journal = {ACM Trans. Graph.},
 volume = {24},
 issue = {3},
 month = {July},
 year = {2005},
 issn = {0730-0301},
 pages = {434--444},
 numpages = {11},
 url = {http://doi.acm.org/10.1145/1073204.1073211},
 doi = {http://doi.acm.org/10.1145/1073204.1073211},
 acmid = {1073211},
 publisher = {ACM},
 address = {New York, NY, USA},
 keywords = {hardware architecture, programmable shading, ray processing unit, ray tracing},
} 

@inproceedings{Piromsopa:2001,
 author = {K. Piromsopa and C. Aporntewan and P. Chogsatitvataa},
 title = {An {FPGA} implementation of a fixed-point square root operation},
 booktitle = {Proceedings of the International Symposium on Communications and Information Technology},
 volume = {14--16},
 year = {2001},
 issn = {0730-0301},
 pages = {587--589},
 numpages = {2},
 address = {Thailand},
} 

@book{Grotker:2002:SDS,
 author = {Grotker, Thorsten},
 title = {System design with SystemC},
 year = {2002},
 isbn = {1402070721},
 publisher = {Kluwer Academic Publishers},
 address = {Norwell, MA, USA},
} 

@book{Chu:2008fpga,
  title={FPGA prototyping by VHDL examples: Xilinx Spartan-3 version},
  author={Chu, P.P.},
  isbn={9780470185315},
  year={2008},
  publisher={Wiley-Interscience}
}

@book{Chu:2006:RHD,
 author = {Chu, Pong P.},
 title = {RTL hardware design using VHDL: coding for efficiency, portability, and scalability},
 year = {2006},
 isbn = {0471720925},
 publisher = {Wiley-IEEE Press},
} 

@inproceedings{Shilane:2004:TPS,
  author = "Philip Shilane and Patrick Min and Michael Kazhdan and Thomas
    Funkhouser",
  title = "The {P}rinceton shape benchmark",
  booktitle = "Shape modeling international",
  year = "2004",
  month = jun
}

@inproceedings{Foley:2005:KAS,
 author = {Foley, Tim and Sugerman, Jeremy},
 title = {KD-tree acceleration structures for a {GPU} raytracer},
 booktitle = {Proceedings of the ACM SIGGRAPH/EUROGRAPHICS conference on Graphics hardware},
 series = {HWWS '05},
 year = {2005},
 location = {Los Angeles, California},
 pages = {15--22},
 numpages = {8},
 publisher = {ACM},
 address = {New York, NY, USA},
} 

@misc{ aldec:activehdl,
   author = "Aldec",
   title = "Active-HDL 9.1",
   year = "2011",
   url = "\url{http://www.aldec.com/activehdl/}",
   urlaccessdate = "24 nov. 2011"
 }

@misc{ synopsys:synplify,
   author = "Synopsys",
   title = "Synplify Premier",
   year = "2011",
   url = "\url{http://www.synopsys.com/Tools/Implementation/FPGAImplementation/FPGASynthesis/Pages/SynplifyPremier.aspx}",
   urlaccessdate = "24 nov. 2011"
 }

@misc{ oyonale,
   author = "Oyonale",
   title = "Oyonale - 3D art and graphic experiments",
   year = "2009",
   url = "\url{http://www.oyonale.com/modeles.php?lang=en&page=40}",
   urlaccessdate = "12 nov. 2011"
 }

@misc{ systemVerilog,
   author = "SystemVerilog",
   title = "System Verilog overview",
   year = "2011",
   url = "\url{http://www.systemverilog.org/overview/overview.htm}",
   urlaccessdate = "24 nov. 2011"
 }

@misc{ stratton,
   author = "J. Stratton",
   title = "State of ray tracing (in games)",
   year = "2008",
   url = "\url{http://www.cs.utah.edu/~jstratto/state_of_ray_tracing/ }",
   urlaccessdate = "12 nov. 2011"
 }

@misc{deGreveReflRefr,
    author =    "B. de Greve",
    title =     "Reflections and refractions in ray tracing",
    year =      "2007",
    url =   "\url{http://www.flipcode.com/archives/reflection_transmission.pdf}",
    urlaccessdate="4 out. 2011"
}

@misc{ raycore,
  author =    {Siliconarts},
  title =     {Siliconarts launches {R}ay{C}ore\textregistered{} {IP} {C}ore},
  month =     "Julho",
  year =      2011,
  url  = "\url{http://www.siliconarts.co.kr/recent-announcements/siliconartslaunchesraycoreipcore}",
  urlaccessdate =      "4 ago. 2011",
}

@misc{ XlinxV5FPGA,
  author =    {Xilinx},
  title =     {Embedded Processor Block in Virtex-5 FPGAs},
  month =     "fevereiro",
  year =      2010,
  url  = "\url{http://www.xilinx.com/support/documentation/user_guides/ug200.pdf}",
  urlaccessdate =      "15 nov. 2011",
}

@misc{ XlinxML507Ev,
  author =    {Xilinx},
  title =     {ML505/ML506/ML507 Evaluation Platform User Guide.},
  month =     "maio",
  year =      2011,
  url  = "\url{http://www.xilinx.com/support/documentation/boards_and_kits/ug347.pdf}",
  urlaccessdate =      "15 nov. 2011",
}

@misc{ XlinxPPC40DDR2,
  author =    {Xilinx},
  title =     {LogiCORE IP DDR2 Memory Controller for PowerPC 440 Processors.},
  month =     "março",
  year =      2011,
  url  = "\url{http://www.xilinx.com/support/documentation/ip_documentation/ppc440mc_ddr2.pdf}",
  urlaccessdate =      "28 nov. 2011",
}

@misc{ XlinxPLBv46,
  author =    {Xilinx},
  title =     {LogiCORE IP Processor Local Bus (PLB) v4.6 (v1.05a)},
  month =     "setembro",
  year =      2010,
  url  = "\url{http://www.xilinx.com/support/documentation/ip_documentation/plb_v46.pdf}",
  urlaccessdate =      "28 nov. 2011",
}

@misc{ XlinxDataSheet,
  author =    {Xilinx},
  title =     {Virtex-5 FPGA Data Sheet: DC and Switching Characteristics.},
  month =     "maio",
  year =      2010,
  url  = "\url{http://www.xilinx.com/support/documentation/data_sheets/ds202.pdf}",
  urlaccessdate =      "28 nov. 2011",
}

@misc{ XlinxXPSTFT,
  author =    {Xilinx},
  title =     {XPS Thin Film Transistor (TFT) Controller.},
  month =     "setembro",
  year =      2009,
  url  = "\url{http://www.xilinx.com/support/documentation/ip_documentation/xps_tft.pdf}",
  urlaccessdate =      "28 nov. 2011",
}

@PhdThesis{ hanika,
  author =       {Johannes Hanika},
  title =        {Fixed point hardware ray tracing},
  school =       {Universitat Ulm},
  year =         {2007},
}


@PhdThesis{ havran,
  author =       {Vlastimil Havran},
  title =        {Heuristic ray shooting algorithms},
  school =       {Czech Technical University},
  year =         {2000},
}


@Phdthesis{Cag06,
  author = {Erbas, C},
  title = {System-level modeling and design space exploration for multiprocessor embedded System-on-Chip architectures},
  year = {2006},
  month = {Nov.},
  school = {Informatics Institute, Univ. of Amsterdam},
}

@misc{ howard,
author = "Jeffrey Howard ",
title = "Real time ray-tracing: the end of rasterization?",
year = 2007,
url = "\url{http://blogs.intel.com/research/2007/10/real_time_raytracing_the_end_o.php }",
urlaccessdate = "12 dez. 2011"
}
