@string{ normas.header = "$Header: /home/cvsroot/abntex/texmf/bibtex/bib/abntex/normas.bib,v 1.4 2003/03/31 18:31:20 gweber Exp $"}
@manual{NBR6023:2000,
 organization={Associa{\c c}\~ao Brasileira de Normas T\'ecnicas},
 org-short={ABNT},
 title   ={{NBR} 6023},
 subtitle={Informa{\c c}\~ao e documenta{\c c}\~ao --- Refer\^encias --- Elabora{\c c}\~ao},
 address ={Rio de Janeiro},
 pages   =22,
 month   =aug,
 year    =2000}
@manual{NBR6024:1989,
 organization={Associa{\c c}\~ao Brasileira de Normas T\'ecnicas},
 org-short={ABNT},
 title   ={{NBR} 6024},
 subtitle={Numera{\c c}\~ao progressiva das se{\c c}\~oes de um documento},
 address ={Rio de Janeiro},
 month   =aug,
 pages   =2,
 year    =1989}
@manual{NBR6027:1989,
 organization={Associa{\c c}\~ao Brasileira de Normas T\'ecnicas},
 org-short={ABNT},
 title   ={{NBR} 6027},
 subtitle={Sum\'ario},
 address ={Rio de Janeiro},
 month   =aug,
 pages   =2,
 year    =1989}
@manual{NBR6028:1980,
 organization={Associa{\c c}\~ao Brasileira de Normas T\'ecnicas},
 org-short={ABNT},
 title   ={{NBR} 6028},
 subtitle={Resumos},
 address ={Rio de Janeiro},
 year    =1980}
@manual{NBR6028:1990,
 organization={Associa{\c c}\~ao Brasileira de Normas T\'ecnicas},
 org-short={ABNT},
 title   ={{NBR} 6028},
 subtitle={Resumos},
 address ={Rio de Janeiro},
 month   =may,
 pages   =3,
 year    =1990}
@manual{NBR6034:1989,
 organization={Associa{\c c}\~ao Brasileira de Normas T\'ecnicas},
 org-short={ABNT},
 title   ={{NBR} 6034},
 subtitle={Preparação de índice de publicações},
 address ={Rio de Janeiro},
 year    =1989}
@manual{NBR10520:1988,
 organization={Associa{\c c}\~ao Brasileira de Normas T\'ecnicas},
 org-short={ABNT},
 title   ={{NBR} 10520},
 subtitle={Apresenta{\c c}\~ao de cita{\c c}\~oes em documentos --- Procedimentos},
 address ={Rio de Janeiro},
 pages   =3,
 month   =oct,
 year    =1988}
@manual{NBR10520:2001,
 organization={Associa{\c c}\~ao Brasileira de Normas T\'ecnicas},
 org-short={ABNT},
 title   ={{NBR} 10520},
 subtitle={Informa{\c c}\~ao e documenta{\c c}\~ao --- Apresenta{\c c}\~ao de cita{\c c}\~oes
           em documentos},
 address ={Rio de Janeiro},
 pages   =4,
 month   =jul,
 year    =2001,
 note    = {Substitui a Ref.~\citeonline{NBR10520:1988}}}
@manual{NBR10719:1989,
 organization={Associa{\c c}\~ao Brasileira de Normas T\'ecnicas},
 org-short={ABNT},
 title   ={Apresenta{\c c}\~ao de relat\'orios t\'ecnico-cient{\'\i}ficos},
 address ={Rio de Janeiro},
 year    =1989,
 pages   =17,
 month   =aug}
@manual{NBR14724:2001,
 organization={Associa{\c c}\~ao Brasileira de Normas T\'ecnicas},
 org-short={ABNT},
 title   ={{NBR} 14724},
 subtitle={Informa{\c c}\~ao e documenta{\c c}\~ao ---
          trabalhos acad\^emicos --- apresenta{\c c}\~ao},
 address ={Rio de Janeiro},
 month   =jul,
 pages   =6,
 year    =2001}
@manual{ISO4:1997,
 organization={International Standards Organization},
 org-short={ISO},
 title    ={{ISO} 4:1997},
 subtitle ={Information and documentation
            --- Rules for the abbreviation of title words and titles of publications},
 year     =1997}
@manual{ISO690:1987,
 organization={International Standards Organization},
 org-short={ISO},
 title    ={{ISO} 690:1987},
 subtitle ={Information and documentation
           --- Bibliographic references
	   --- Content, form and structure},
 year     =1987,
 url      ={http://www.nlc-bnc.ca/iso/tc46sc9/standard/690-1e.htm},
 urlaccessdate={31 mar. 2003}}
@manual{ISO690-2,
 organization={International Standards Organization},
 org-short={ISO},
 title    ={{ISO} 690-2},
 subtitle ={Information and documentation
           --- Bibliographic references {P}art 2: Electronic documents or parts thereof},
 year     =1987,
 url      ={http://www.nlc-bnc.ca/iso/tc46sc9/standard/690-2e.htm},
 urlaccessdate={31 mar. 2003}}



